<?xml version="1.0" encoding="UTF-8"?><collection xmlns="http://www.loc.gov/MARC21/slim"><record><leader>00455nam--2200133-i-4500</leader><controlfield tag="001">000010106</controlfield><controlfield tag="002">20161230</controlfield><controlfield tag="005">20161230201028</controlfield><controlfield tag="008">060222s1000------------r-----000-0-eng-d</controlfield><datafield ind1=" " ind2=" " tag="100"><subfield code="a">Daniel, Cuthbert And Wood, Fred S</subfield></datafield><datafield ind1=" " ind2=" " tag="245"><subfield code="a">Fitting equations to data. computer analysis of multifactor data for scientists and engineers. with the assistance of john w. gorman</subfield></datafield><datafield ind1=" " ind2=" " tag="260"><subfield code="a">New York, Wiley-interscience, 1971</subfield></datafield><datafield ind1=" " ind2=" " tag="490"><subfield code="a">Xiv+342p</subfield></datafield><datafield ind1=" " ind2=" " tag="852"><subfield code="a">681.3.06:53:62</subfield></datafield></record></collection>